@book{Poole:Linear-Algebra,
  title={Linear Algebra: A Modern Introduction},
  author={Poole, D.},
  isbn={9781285463247},
  lccn={2013944173},
  url={https://books.google.ca/books?id=V-UbCgAAQBAJ},
  year={2014},
  publisher={Cengage Learning}
}

@book{Stewart:Galois_Theory,
  title={Galois Theory, Third Edition},
  author={Stewart, I.},
  isbn={9781584883937},
  lccn={89015884},
  series={Chapman Hall/CRC Mathematics Series},
  url={https://books.google.ca/books?id=C9\_Vivwgf5cC},
  year={2003},
  publisher={Taylor \& Francis}
}

@book{Dummit:Abstract_Algebra,
  title={Abstract Algebra},
  author={Dummit, D.S. and Foote, R.M.},
  isbn={9780471433347},
  lccn={2003057652},
  url={https://books.google.ca/books?id=KJDBQgAACAAJ},
  year={2003},
  publisher={Wiley}
}

-Contextual Categories and Type Theory:

@article{Cartmell:Generalised-Algeb,
title = "Generalised algebraic theories and contextual categories",
journal = "Annals of Pure and Applied Logic",
volume = "32",
pages = "209 - 243",
year = "1986",
issn = "0168-0072",
doi = "https://doi.org/10.1016/0168-0072(86)90053-9",
url = "http://www.sciencedirect.com/science/article/pii/0168007286900539",
author = "John Cartmell"
}

@misc{Cohen:Cubical-Type-Theory,
    title={Cubical Type Theory: a constructive interpretation of the univalence axiom},
    author={Cyril Cohen and Thierry Coquand and Simon Huber and Anders Mörtberg},
    year={2016},
    eprint={1611.02108},
    archivePrefix={arXiv},
    primaryClass={cs.LO}
}

@inbook{Hoffman:Syntax-and-Semantics-of-Dependent-Types, place={Cambridge}, series={Publications of the Newton Institute}, title={Syntax and Semantics of Dependent Types}, DOI={10.1017/CBO9780511526619.004}, booktitle={Semantics and Logics of Computation}, publisher={Cambridge University Press}, author={Hofmann, Martin}, editor={Pitts, Andrew M. and Dybjer, P.Editors}, year={1997}, pages={79–130}, collection={Publications of the Newton Institute}}
@misc{Bentzen:Naive-Type-Theory,
    title={Naive cubical type theory},
    author={Bruno Bentzen},
    year={2019},
    eprint={1911.05844},
    archivePrefix={arXiv},
    primaryClass={cs.LO}
}

@misc{Kapulkin:Homotopy_Theory_of_Type_Theories,
Author = {Chris Kapulkin and Peter LeFanu Lumsdaine},
Title = {The homotopy theory of type theories},
Year = {2016},
Eprint = {arXiv:1610.00037},
}

@misc{Kapulkin:Simplicial_Model,
Author = {Chris Kapulkin and Peter LeFanu Lumsdaine},
Title = {The Simplicial Model of Univalent Foundations (after Voevodsky)},
Year = {2012},
Eprint = {arXiv:1211.2851},
}

@misc{Garner:Two_Dim_Models,
Author = {Richard Garner},
Title = {Two-dimensional models of type theory},
Year = {2008},
Eprint = {arXiv:0808.2122},
Howpublished = {Mathematical Structures in Computer Science 19 (2009), no. 4,
  pages 687--736},
Doi = {10.1017/S0960129509007646},
}

@Book{HoTTBook,
  author =    {The {Univalent Foundations Program}},
  title =     {Homotopy Type Theory: Univalent Foundations of Mathematics},
  publisher = {\url{https://homotopytypetheory.org/book}},
  address =   {Institute for Advanced Study},
  year =      2013}

-Category Theory:
@misc{Leinster:Basic_Category_Theory,
Title = "General topology",
Author = "Tom Leinster",
Year = "2015",
howpublished = "\url{https://www.maths.ed.ac.uk/~tl/topology/topology_notes.pdf}"
}

@misc{Leinster:Higher_Operads,
Author = {Tom Leinster},
Title = {Higher Operads, Higher Categories},
Year = {2003},
Eprint = {arXiv:math/0305049},
}

@book{MacLane:Sheaves_In_Topology_And_Logic,
AUTHOR = "Mac Lane, Saunders and Moerdijk, Ieke",
TITLE = "Sheaves in Geometry and Logic: A First Intoduction to Topos Theory",
PUBLISHER = "Springer",
YEAR = "1992",
EDITION = "1st",
ISBN = "978-0-387-97710-2"}

@book{Goldblatt:Topoi,
AUTHOR = "Goldblatt, Robert",
TITLE = "Topoi: The Categorical Analysis of Logic",
PUBLISHER = "Dover",
YEAR = "2003",
EDITION = "2nd",
ISBN = "978-0-486-45026-1"}

@book{Soliman:Sheaves_Over_Topological_Spaces,
AUTHOR = "Soliman, Yousuf",
Title = "Sheaves Over Topological Spaces",
notes = "\url{http://www.its.caltech.edu/~ysoliman/notes/SheavesOverTopologicalSpaces_YousufSoliman.pdf}"}

@book{Lambek:Introduction_To_Categorical_Logic,
Author = {Lambek, J and Scott, P J},
Title = {Introduction to Higher Order Categorical Logic},
Year = {1986},
Publisher = {Cambridge University Press}}

@book{Tennison:Sheaf_Theory,
AUTHOR = "Tennison, B. R.",
TITLE = "Sheaf Theory",
PUBLISHER = "Cambridge University Press",
YEAR = "1975",
EDITION = "1st",
ISBN = "0 521 207843"}

@Online{johnson20:_dimen_categ,
  author       = {Niles Johnson AND Donald Yau},
  title        = {{2-Dimensional Categories}},
  year         = 2020,
  archiveprefix= {arXiv},
  eprint       = {2002.06055v3},
  primaryclass = {math.CT}
}




-Algebraic Topology
@book{Hatcher:Algebraic:Topology,
  title={Algebraic Topology},
  author={Hatcher, A. and Cambridge University Press},
  isbn={9780521795401},
  lccn={00065166},
  series={Algebraic Topology},
  url={https://books.google.ca/books?id=BjKs86kosqgC},
  year={2002},
  publisher={Cambridge University Press}
}

@book{May:A_Concise_Course_In_Algebraic_Topology,
  title={A Concise Course in Algebraic Topology},
  author={May, J.P.},
  isbn={9780226511832},
  lccn={99296133},
  series={Chicago Lectures in Mathematics},
  url={\url{https://books.google.ca/books?id=g8SG03R1bpgC}},
  year={1999},
  publisher={University of Chicago Press}
}

@book{Rotman:An_Introduction_to_Homological_Algebra,
  title={An Introduction to Homological Algebra},
  author={Rotman, J.J.},
  isbn={9780387683249},
  lccn={2008936123},
  series={Universitext},
  url={\url{https://books.google.ca/books?id=P2HV4f8gyCgC}},
  year={2008},
  publisher={Springer New York}
}

@misc{GallierQuaintance:A_Gentle_Introduction_to_Homology_Cohomology_Sheaf_Cohomology,
  title="A Gentle Introduction to Homology, Cohomology, and
Sheaf Cohomology",
  author="Gallier, J and Quaintance, J",
  url ={\url{https://www.seas.upenn.edu/~jean/sheaves-cohomology.pdf}},
  publisher={University of Pennsylvania},
  year={2019}
}

@article{doherty20_cubic_model,
  author =       {Doherty, Brandon and Kapulkin, Chris and Lindsey, Zachery and
                  Sattler, Christian},
  title =        {Cubical Models of $(\infty, 1)$-categories},
  journal =      {CoRR},
  year =         2020,
  url =          {http://arxiv.org/abs/2005.04853v2},
  abstract =     {We construct a model structure on the category of cubical sets
                  with connections whose cofibrations are the monomorphisms and
                  whose fibrant objects are defined by the right lifting
                  property with respect to inner open boxes, the cubical
                  analogue of inner horns. We show that this model structure is
                  Quillen equivalent to the Joyal model structure on simplicial
                  sets via the triangulation functor. As an application, we show
                  that cubical quasicategories admit a convenient notion of a
                  mapping space, which we use to characterize the weak
                  equivalences between fibrant objects in our model structure as
                  DK-equivalences.},
  archivePrefix ={arXiv},
  eprint =       {2005.04853},
  primaryClass = {math.AT},
}

@Online{castellan19:_categ_famil,
  author       = {Simon Castellan AND Pierre Clairambault AND Peter Dybjer},
  title        = {{Categories with Families: Unityped, Simply Typed, and
                  Dependently Typed}},
  year         = 2019,
  archiveprefix= {arXiv},
  eprint       = {1904.00827v2},
  primaryclass = {cs.LO}
}

@Article{Lumsdaine_2015,
  author       = {Lumsdaine, Peter Lefanu and Warren, Michael A.},
  title        = {The Local Universes Model},
  year         = 2015,
  volume       = 16,
  number       = 3,
  month        = {Jul},
  pages        = {1–31},
  issn         = {1557-945X},
  doi          = {10.1145/2754931},
  url          = {http://dx.doi.org/10.1145/2754931},
  journal      = {ACM Transactions on Computational Logic},
  publisher    = {Association for Computing Machinery (ACM)}
}

@Online{Kapulkin-Lumsdaine:Homotopical-Inverse-Diagrams,
  author       = {Chris Kapulkin AND Peter LeFanu Lumsdaine},
  title        = {{Homotopical inverse diagrams in categories with attributes}},
  year         = 2018,
  archiveprefix= {arXiv},
  eprint       = {1808.01816v3},
  primaryclass = {math.LO}
}

@Online{Johnson-Yau:2-Dimensional-Categories,
  author       = {Niles Johnson AND Donald Yau},
  title        = {{2-Dimensional Categories}},
  year         = 2020,
  archiveprefix= {arXiv},
  eprint       = {2002.06055v3},
  primaryclass = {math.CT}
}

@article{bernardy21_evaluat_linear_funct_to_symmet_monoid_categ,
  author =	 {Bernardy, Jean-Philippe and Spiwack, Arnaud},
  title =	 {Evaluating Linear Functions To Symmetric Monoidal
                  Categories},
  journal =	 {CoRR},
  year =	 2021,
  url =		 {http://arxiv.org/abs/2103.06195v2},
  abstract =	 {A number of domain specific languages, such as
                  circuits or data-science workflows, are best
                  expressed as diagrams of boxes connected by wires.
                  Unfortunately, functional languages have
                  traditionally been ill-equipped to embed this sort
                  of languages. The Arrow abstraction is an
                  approximation, but we argue that it does not capture
                  the right properties.  A faithful abstraction is
                  Symmetric Monoidal Categories (SMCs), but,so far,it
                  hasn't been convenient to use. We show how the
                  advent of linear typing in Haskell lets us bridge
                  this gap. We provide a library which lets us program
                  in SMCs with linear functions instead of SMC
                  combinators. This considerably lowers the syntactic
                  overhead of the EDSL to be on par with that of
                  monadic DSLs. A remarkable feature of our library is
                  that, contrary to previously known methods for
                  categories, it does not use any metaprogramming.},
  archivePrefix ={arXiv},
  eprint =	 {2103.06195},
  primaryClass = {cs.PL},
}

@Book{robert2011:Algorithms,
  author =    {Robert, Sedgewick and Kevin, Wayne},
  title =        {Algortihms},
  publisher =    {Addison-Wesley Professional},
  year =         {2011},
  edition =   {4},
}

@book{riehl2016category,
  title={Category Theory in Context},
  author={Riehl, Emily},
  isbn={9780486809038},
  lccn={2016498457},
  series={Aurora: Dover Modern Math Originals},
  url={https://books.google.co.uk/books?id=Sr09DQAAQBAJ},
  year={2016},
  publisher={Dover Publications}
}

@book{riehl2014categorical,
  title={Categorical Homotopy Theory},
  author={Riehl, Emily},
  isbn={9781107048454},
  lccn={2013049898},
  series={Categorical Homotopy Theory},
  url={https://books.google.co.uk/books?id=6xpvAwAAQBAJ},
  year={2014},
  publisher={Cambridge University Press}
}

@book{riehl2022elements,
  title={Elements of infinity-Category Theory},
  author={Riehl, Emily and Verity, Dominic},
  isbn={9781108837989},
  lccn={2021024580},
  series={Cambridge Studies in Advanced Mathematics},
  url={https://books.google.co.uk/books?id=-IxVEAAAQBAJ},
  year={2022},
  publisher={Cambridge University Press}
}

@misc{loregian2015coend,
  doi = {10.48550/ARXIV.1501.02503},
  url = {https://arxiv.org/abs/1501.02503},
  author = {Loregian, Fosco},
  keywords = {Category Theory (math.CT), FOS: Mathematics, FOS: Mathematics},
  title = {Coend calculus},
  publisher = {arXiv},
  year = {2015},
  copyright = {arXiv.org perpetual, non-exclusive license}
}

@book{mena2019practical,
  title={Practical Haskell: A Real World Guide to Programming},
  author={Mena, A.S.},
  isbn={9781484244807},
  url={https://books.google.co.uk/books?id=dIOVDwAAQBAJ},
  year={2019},
  publisher={Apress}
}

@book{deitel2022c++20,
  title={C++20 for Programmers: An Objects-Natural Approach},
  author={Deitel, P. and Deitel, H.},
  isbn={9780136905691},
  series={Deitel Developer Series},
  url={https://books.google.co.uk/books?id=cih\_zQEACAAJ},
  year={2022},
  publisher={Pearson Education Canada}
}

@book{cukic2018functional,
  title={Functional Programming in C++},
  author={Cukic, I.},
  isbn={9781638355663},
  lccn={2018377502},
  url={https://books.google.co.uk/books?id=wzgzEAAAQBAJ},
  year={2018},
  publisher={Manning}
}

@book{milewski2018category,
  title={Category Theory for Programmers},
  author={Milewski, Bartosz},
  isbn={9780464825081},
  url={https://books.google.co.uk/books?id=ZaP-swEACAAJ},
  year={2018},
  publisher={Blurb, Incorporated}
}

@book{rijke2018introduction,
  title={Introduction to Homotopy Type Theory},
  author={Rijke, Egbert},
  series={Cambridge Studies in Advanced Mathematics},
  publisher={Cambridge University Press},
  url= {https://raw.githubusercontent.com/martinescardo/HoTTEST-Summer-School/main/HoTT/hott-intro.pdf},
  year={2018}
}

@book{balchin2021handbook,
  title={A Handbook of Model Categories},
  author={Balchin, S.},
  isbn={9783030750350},
  series={Algebra and Applications},
  url={https://books.google.co.uk/books?id=sm1LEAAAQBAJ},
  year={2021},
  publisher={Springer International Publishing}
}

@article{leinster2020entropy,
  doi = {10.48550/ARXIV.2012.02113},
  url = {https://arxiv.org/abs/2012.02113},
  author = {Leinster, Tom},
  keywords = {Populations and Evolution (q-bio.PE), Information Theory (cs.IT), Classical Analysis and ODEs (math.CA), Category Theory (math.CT), Quantitative Methods (q-bio.QM), FOS: Biological sciences, FOS: Biological sciences, FOS: Computer and information sciences, FOS: Computer and information sciences, FOS: Mathematics, FOS: Mathematics, 92B99, 94A17, 39B99, 26E60, 18D50},
  title = {Entropy and Diversity: The Axiomatic Approach},
  publisher = {arXiv},
  year = {2020},
  copyright = {arXiv.org perpetual, non-exclusive license}
}

@book{bradley2020topology,
  title={Topology: A Categorical Approach},
  author={Bradley, T.D. and Bryson, T. and Terilla, J.},
  isbn={9780262539357},
  lccn={2019057054},
  url={https://books.google.co.uk/books?id=AL74DwAAQBAJ},
  year={2020},
  publisher={MIT Press}
}

@book{aluffi2009algebra,
  title={Algebra: Chapter 0},
  author={Aluffi, P.},
  isbn={9780821847817},
  lccn={2009004043},
  series={Graduate studies in mathematics},
  url={https://books.google.co.uk/books?id=deWkZWYbyHQC},
  year={2009},
  publisher={American Mathematical Society}}

@misc{wemyss2015grouptheory,
  title={Lectures on Group Theory},
  author={Wemyss, Micheal},
  year={2015}}

@misc{lanini2017grouptheory,
  title={Group Theory},
  author={Sierra, Susan and Lanini, Martina},
  year={2017}}
  
